<record><leader>00000cas a2200000 a 4500</leader><controlfield tag="001">19223961</controlfield><controlfield tag="008">890216d195619uutnuwr ne      0    0eng d</controlfield><datafield ind1=" " ind2=" " tag="010"><subfield code="a">sn 89058295 </subfield></datafield><datafield ind1=" " ind2=" " tag="040"><subfield code="a">KNP</subfield><subfield code="b">eng</subfield><subfield code="c">KNP</subfield><subfield code="d">TGN</subfield><subfield code="d">OCL</subfield><subfield code="d">OCLCQ</subfield><subfield code="d">OCLCF</subfield><subfield code="d">OCLCO</subfield></datafield><datafield ind1=" " ind2=" " tag="042"><subfield code="a">msc</subfield></datafield><datafield ind1=" " ind2=" " tag="043"><subfield code="a">n-us-tn</subfield></datafield><datafield ind1="0" ind2="4" tag="245"><subfield code="a">The Spring City bulletin.</subfield></datafield><datafield ind1="1" ind2=" " tag="246"><subfield code="i">Title appears as:</subfield><subfield code="a">Bulletin</subfield><subfield code="f">Jan. 2, 23, &amp; Mar. 27, 1958</subfield></datafield><datafield ind1=" " ind2=" " tag="260"><subfield code="a">Sopring City, Tenn. :</subfield><subfield code="b">Jack Haley,</subfield><subfield code="c">1956-</subfield></datafield><datafield ind1=" " ind2=" " tag="300"><subfield code="a">v. :</subfield><subfield code="b">ill.</subfield></datafield><datafield ind1=" " ind2=" " tag="310"><subfield code="a">Weekly</subfield></datafield><datafield ind1="0" ind2=" " tag="362"><subfield code="a">Vol. 1, no. 1 (Aug. 2, 1956)-</subfield></datafield><datafield ind1=" " ind2="0" tag="651"><subfield code="a">Spring City (Tenn.)</subfield><subfield code="v">Newspapers.</subfield></datafield><datafield ind1=" " ind2="0" tag="651"><subfield code="a">Rhea County (Tenn.)</subfield><subfield code="v">Newspapers.</subfield></datafield><datafield ind1=" " ind2="7" tag="655"><subfield code="a">Newspapers.</subfield><subfield code="2">fast</subfield><subfield code="0">(OCoLC)fst01423814</subfield></datafield><datafield ind1=" " ind2="7" tag="651"><subfield code="a">Tennessee</subfield><subfield code="z">Rhea County.</subfield><subfield code="2">fast</subfield><subfield code="0">(OCoLC)fst01216911</subfield></datafield><datafield ind1=" " ind2="7" tag="651"><subfield code="a">Tennessee</subfield><subfield code="z">Spring City.</subfield><subfield code="2">fast</subfield><subfield code="0">(OCoLC)fst01256360</subfield></datafield><datafield ind1=" " ind2=" " tag="752"><subfield code="a">United States</subfield><subfield code="b">Tennessee</subfield><subfield code="c">Rhea</subfield><subfield code="d">Spring City.</subfield></datafield></record>